2886 3822
1268 210 1325 216 ..-
1394 195 1445 228 ιν
1517 207 1577 214 ...-

277 312 515 368 Sequuntur
540 311 704 367 glossae
733 311 935 367 evangelii
962 310 1091 353 Marci
1113 324 1301 352 sermone
1331 307 1740 364 Northanhymbrico
1779 308 2025 365 compositae
2035 339 2046 361 ,
2075 307 2217 364 quales
2246 308 2286 349 in
2317 307 2456 350 codice
2486 307 2753 354 bibliothec-0

108 378 360 420 Bodleianae
400 375 669 430 Oxoniensis,
710 376 875 418 nomine
912 375 1191 419 Rushworthii
1229 374 1362 426 claro,
1398 378 1578 426 exstant,
1617 386 1667 414 ex
1696 372 1936 430 apographo
1966 372 2204 415 Bem'amini
2244 372 2403 429 Thorpe
2440 387 2548 415 nunc
2577 374 2752 431 primum

109 443 252 485 editae.
310 442 376 484 De
414 442 627 495 affinitate,
667 456 747 498 qua
786 441 918 484 codex
953 438 1320 482 Rushworthianus
1357 451 1449 479 cum
1488 436 1833 479 Lindisfarneensi
1875 438 2112 480 coniunctus
2150 445 2232 490 est,
2280 438 2322 480 in
2360 438 2465 480 libro
2504 452 2598 481 meo
2631 453 2755 497 supro

109 513 334 551 memorato
374 506 557 549 disserui.
614 506 711 548 Hoc
748 506 839 549 loco
879 506 931 548 ad
969 519 1037 557 ea,
1078 518 1183 560 quae
1228 502 1454 554 Wanleius,
1492 502 1535 544 in
1573 502 1841 545 describendo
1881 502 2025 546 eodem
2065 502 2228 556 codice,
2272 504 2480 561 exposuit,
2519 504 2598 547 hoc
2627 518 2754 547 unum

109 572 336 615 addiderim
372 571 500 628 (quod
528 570 797 613 Beniaminus
830 571 989 626 Tkorpe
1024 574 1178 626 primus
1214 567 1535 623 animadvertit),
1574 568 1702 611 verba
1736 568 1913 624 margini
1952 568 2152 625 superiori
2190 568 2365 625 paginae
2401 569 2552 612 codicis
2589 569 2756 612 ultimae

109 638 312 694 adscripta
350 636 535 693 rhythmi
577 637 707 679 rarius
753 635 958 692 quoddam
995 647 1127 690 genus
1171 633 1387 686 exhibere,
1426 632 1718 684 assonantiam,
1763 638 1806 674 ut
1843 632 1898 674 ita
1933 632 2087 687 dicam,
2127 632 2369 690 implexam,
2409 639 2531 690 etque
2567 634 2624 676 ita
2666 648 2755 677 esse

110 703 149 746 le
181 702 308 745 enda:

149 718 179 760 g
766 766 869 809 haefe
898 766 954 806 no
983 764 1056 806 bec
1085 762 1301 805 awritene·
1333 762 1458 805 bruce
1484 761 1576 807 mi’e
1603 762 1736 804 willa·

773 829 906 886 symle
935 828 1026 873 mi’c
1056 829 1209 873 schum
1234 827 1387 885 gileofa
1402 849 1411 859 ·
1441 827 1504 870 sib
1534 827 1567 870 is
1598 827 1798 884 eghwoem
1826 827 1983 871 lebfost.

273 909 379 952 Inde
414 914 544 966 patet,
579 922 626 950 ea
662 920 744 947 non
783 904 1003 947 cohaerere
1034 918 1127 946 cum
1163 903 1449 962 inscriptione,
1489 903 1531 945 in
1569 902 1755 961 margine
1790 904 1984 947 inferiore
2019 905 2194 962 paginae
2232 903 2527 962 paenultimae,
2564 903 2676 946 hunc
2712 903 2755 946 in

113 975 282 1018 modum
311 987 522 1031 expressa:

762 1035 821 1079 'oe
850 1035 936 1076 min
965 1033 1117 1076 brucho
1143 1033 1310 1091 gibidde
1337 1034 1426 1077 fore
1455 1034 1579 1076 owiin
1609 1035 1668 1079 'oe
1695 1034 1774 1078 ’eas
1802 1033 1876 1076 boc

759 1099 929 1157 gloesde
959 1099 1128 1142 faermen
1155 1100 1266 1144 ’cem
1294 1101 1456 1156 predste
1482 1105 1532 1143 aet
1562 1099 1808 1152 hstrawuda3

113 1184 213 1225 haec
241 1182 347 1224 enim
376 1178 655 1236 imperfectum
685 1176 904 1220 ostendunt
931 1176 1192 1233 rhythmum,
1223 1176 1290 1219 vel
1319 1190 1486 1233 prorsus
1516 1174 1687 1217 nullum.
1745 1173 1893 1231 Neque
1921 1174 2001 1216 hoc
2028 1173 2296 1215 omittendum
2315 1188 2405 1217 esse
2422 1176 2582 1232 putavi,
2606 1189 2756 1219 nomen

108 1247 361 1296 Far-manni,
404 1242 515 1300 quod
542 1241 997 1298 Northanhymbricum
1036 1254 1126 1283 esse
1164 1241 1344 1294 videtur,
1388 1254 1454 1282 me
1489 1239 1616 1282 semel
1647 1244 1805 1281 tantum
1843 1238 2047 1295 reperisse
2076 1238 2118 1280 in
2147 1237 2255 1280 libro
2290 1238 2397 1281 vitae
2434 1238 2706 1284 Dunelmomi
2732 1256 2758 1283 α

110 1311 284 1367 Josqpko
314 1309 529 1352 Scevenson
557 1308 665 1350 edito
689 1323 728 1365 p.
758 1307 824 1350 45.

268 1376 483 1418 Postremo
513 1388 603 1427 eos,
638 1373 726 1429 qui,
756 1371 955 1429 glossario
986 1371 1044 1414 uti
1072 1371 1232 1424 volent,
1270 1370 1491 1423 admoneo,
1532 1383 1654 1412 voces
1692 1368 1864 1426 syllabis
1892 1383 1917 1410 a
1945 1368 2059 1411 dem
2096 1368 2194 1411 had
2236 1368 2311 1410 sci
2321 1382 2380 1426 pe
2417 1367 2648 1412 desinentes
2674 1382 2759 1412 mn-

107 1440 250 1484 sculini
287 1454 374 1482 esse
411 1440 595 1497 generis,
645 1439 687 1480 in
734 1452 838 1494 ung
875 1443 915 1480 et
953 1451 1042 1480 nes
1086 1437 1232 1493 (nys)
1270 1442 1466 1478 exeuntes
1503 1434 1708 1487 feminini,
1747 1442 1870 1492 atque
1906 1434 2107 1478 vocabula
2145 1448 2237 1477 cum
2279 1434 2450 1492 syllabis
2488 1433 2682 1492 praefixis
2719 1441 2759 1477 et

106 1505 313 1564 particulis
340 1507 365 1546 ἃ
392 1511 451 1547 aet
487 1505 548 1547 be
584 1504 667 1546 for
694 1503 805 1546 fore
834 1517 897 1559 ge
923 1503 974 1544 in
1004 1502 1108 1544 mid
1137 1501 1191 1544 of
1220 1501 1334 1544 ofer
1366 1515 1429 1543 on
1467 1514 1522 1543 or
1558 1502 1606 1543 to
1643 1500 1701 1543 uf
1725 1501 1859 1557 (use)
1887 1515 1951 1543 un
1988 1500 2158 1543 under
2194 1515 2258 1558 up
2294 1502 2348 1543 ut
2384 1502 2453 1546 ab
2489 1499 2623 1557 pun-h
2650 1513 2760 1543 com·

105 1571 237 1629 posita
263 1571 306 1613 in
331 1570 580 1628 simplicibus
609 1583 697 1612 esse
727 1568 970 1625 quaerenda.
