2886 3822
354 632 506 688 Hasce
541 641 729 701 plagulas
765 653 899 697 aequo
938 639 1122 682 virorum
1158 639 1374 681 doctorum
1409 639 1558 682 iudicio
1588 639 1727 696 paucis
1757 639 2060 682 commendatas
2089 637 2224 680 velim.

359 711 530 757 Obtinet
557 709 663 751 inter
682 706 896 748 thesauros
925 704 1058 748 Musei
1079 703 1306 747 Britannici
1330 718 1456 746 manu
1478 704 1650 760 scriptos
1674 704 1878 760 insignem
1901 703 2038 746 locum
2062 703 2386 760 evangeliarium
2406 703 2520 746 Nero
2545 703 2585 746 D
2609 705 2681 746 IV
2705 705 2840 762 signa-

189 781 295 834 tum,
322 778 434 836 quod
455 789 508 819 ex
531 773 609 815 viri
636 771 765 814 sancti
793 770 979 823 nomine,
1004 770 1047 812 in
1075 770 1190 812 cuius
1213 770 1415 812 honorem
1438 769 1547 811 circa
1574 769 1701 811 finem
1728 769 1855 812 seculi
1874 769 1963 811 VII
1992 770 2044 811 ab
2074 769 2272 812 Eadfrido
2295 769 2340 824 (†
2360 767 2622 825 DCCXXI),
2647 770 2842 813 ecclesiae

192 837 558 887 Lindisfarneensis
594 837 804 895 episcopo,
832 836 937 879 mira
969 849 1064 878 cum
1099 842 1189 877 arte
1223 840 1438 877 exaratum
1474 840 1557 886 est,
1596 834 1746 876 librum
1784 834 1828 878 S.
1868 833 2086 878 Cuthberti
2122 836 2168 891 (†
2204 834 2304 878 XX.
2340 838 2459 878 Mart.
2488 834 2841 891 DCLXXXVII)

193 908 401 968 appellare
427 904 571 948 solent.
629 900 758 955 Sunt,
786 901 857 958 qui
885 901 1063 944 eundem
1090 899 1243 942 librum
1270 914 1296 941 a
1323 898 1447 951 locis,
1476 898 1547 941 ubi
1575 913 1658 940 una
1685 914 1778 941 cum
1807 900 1987 955 reliquiis
2015 900 2142 942 sancti
2171 900 2415 942 confessoris
2441 914 2516 958 per
2542 900 2671 943 multa
2704 900 2844 943 secula

192 977 419 1018 asservatus
454 978 536 1021 est,
572 967 640 1011 vel
677 966 1101 1019 Lindisfarneensem,
1135 964 1203 1008 vel
1239 963 1586 1017 Dunelmensem,
1624 964 1816 1007 vocitent.
1884 963 1969 1008 Sed
2007 979 2099 1006 cum
2139 965 2331 1008 universa
2365 965 2606 1008 nobilissimi
2646 966 2766 1009 huius
2804 972 2845 1009 et

193 1036 350 1097 pietatis
370 1039 419 1079 'et
443 1033 668 1077 industriae
695 1031 890 1091 pristinae
915 1030 1171 1074 monumenti
1204 1029 1374 1073 historia
1409 1029 1687 1072 memorabilis
1725 1030 1821 1072 satis
1849 1030 1900 1072 sit
1927 1037 2042 1083 nota,
2083 1037 2253 1087 propter
2289 1031 2457 1075 nomina
2483 1038 2642 1074 tantum
2669 1033 2712 1074 in
2739 1046 2845 1074 mar·

189 1103 288 1161 gine
310 1100 504 1145 inferiore
531 1098 708 1157 paginae
734 1097 893 1155 primae
919 1096 1127 1156 apposita,
1155 1095 1257 1139 haec
1282 1095 1518 1138 adnotanda
1545 1087 1635 1139 esse
1660 1095 1762 1138 mihi
1792 1095 1993 1139 videntur.

356 1164 634 1212 Oe'oilualdus
663 1162 948 1219 (AE'belwold,
975 1164 1006 1216 †
1031 1159 1366 1218 DCCXXXX),
1394 1160 1581 1204 Eadfridi
1607 1161 1651 1204 in
1678 1162 1914 1219 episcopatu
1941 1174 2173 1214 successor,
2210 1161 2393 1204 codicem
2420 1163 2527 1205 inter
2553 1159 2734 1216 κειμήλια
2762 1176 2847 1204 mo-

194 1232 359 1275 nasterii
387 1229 761 1274 Lindisfarneensis
788 1235 1051 1272 numeratum
1084 1226 1332 1283 imaginibus
1359 1233 1399 1268 et
1426 1225 1553 1269 literis
1580 1227 1814 1270 maiusculis
1842 1226 2061 1270 artificiose
2087 1226 2259 1285 expietis
2287 1227 2525 1282 illustravit,
2551 1236 2592 1272 et
2619 1244 2645 1271 a
2671 1227 2849 1271 Bilfrido

195 1298 444 1342 anachoreta
477 1295 677 1355 gemmis,
720 1309 823 1338 auro
860 1300 904 1339 et
935 1298 1111 1351 argento
1159 1291 1460 1344 circumclusis,
1506 1291 1762 1335 extrinsecus
1798 1292 2031 1336 ornandum
2064 1293 2233 1335 curavit.
2299 1291 2422 1336 Circa
2457 1294 2637 1337 medium
2672 1293 2851 1350 denique

194 1363 378 1408 seculum
403 1362 493 1406 XII
524 1361 742 1420 presbyter
769 1359 937 1418 quidam
963 1357 1197 1411 Aldredus,
1221 1356 1459 1399 monasterii
1485 1356 1801 1412 Dunelmensis,
1830 1359 1888 1402 uti
1917 1358 2119 1401 coniicere
2145 1357 2259 1412 licet,
2287 1358 2440 1412 incola,
2466 1359 2648 1402 codicem
2676 1359 2850 1402 vocabu·

195 1430 246 1473 lis
273 1428 466 1487 anglicis,
494 1441 601 1484 quae
629 1425 765 1469 latinis
792 1424 1098 1484 superscripsit,
1126 1430 1258 1466 totum
1283 1422 1573 1481 interpretatus
1601 1429 1674 1466 est.
1730 1423 1820 1467 Has
1847 1424 2158 1481 evangeliorum
2184 1423 2361 1481 glossas,
2398 1424 2617 1467 dialectum
2645 1423 2851 1467 Northan-

197 1487 473 1553 hymbrorum
502 1493 747 1546 referentes,
780 1491 825 1534 in
852 1490 959 1534 libro
986 1488 1206 1548 separatim
1235 1488 1344 1531 edito
1371 1488 1428 1531 ita
1454 1488 1606 1546 digessi
1635 1496 1675 1531 et
1712 1490 1914 1547 disposui,
1953 1496 1998 1534 ut
2033 1490 2268 1534 continuam
2303 1490 2530 1534 orationem
2567 1490 2776 1533 efficerent
2813 1495 2854 1533 et

198 1575 304 1615 uno,
331 1566 378 1603 ut
403 1559 539 1612 aiunt,
567 1564 713 1602 tenore
741 1556 825 1614 legi
851 1562 1038 1615 possent,
1068 1554 1236 1597 adiectis
1261 1559 1472 1612 praeterea
1499 1554 1819 1612 praefationibus
1848 1570 2072 1612 earumque
2098 1555 2268 1613 glossis,
2304 1563 2506 1614 quotquot
2542 1562 2631 1599 tum
2658 1556 2700 1598 in
2727 1556 2853 1598 mani-

198 1627 275 1670 bus
301 1625 517 1669 habebam.

367 1689 428 1735 Ut
457 1702 557 1733 vero
586 1696 816 1747 susceptam
842 1703 868 1731 a
896 1700 964 1730 me
991 1699 1161 1745 operam
1188 1684 1243 1727 ad
1270 1691 1429 1727 certum
1457 1683 1665 1741 quendam
1691 1684 1818 1728 finem
1846 1685 2134 1743 perducerem,
2163 1687 2206 1728 in
2234 1686 2437 1743 Angliam
2463 1688 2670 1749 profectus
2696 1687 2855 1744 glossas

201 1757 323 1800 etiam
350 1762 448 1799 tunc
477 1755 651 1798 ineditas
678 1768 702 1797 8
729 1753 871 1797 codice
898 1752 986 1810 ipse
1014 1750 1228 1810 descripsi,
1262 1764 1364 1807 quas
1391 1764 1524 1804 nunc,
1561 1750 1670 1807 typis
1698 1750 1936 1808 impressas,
1974 1751 2015 1793 in
2052 1751 2215 1809 paginis
2246 1753 2379 1794 1—17
2409 1754 2520 1795 foras
2548 1751 2733 1796 emittere
2761 1767 2855 1796 con-

201 1821 324 1865 stitui.
371 1820 451 1864 His
478 1820 647 1863 adiunxi
673 1820 734 1876 (in
762 1834 818 1878 pp
845 1818 901 1861 65
929 1824 971 1860 et
997 1818 1069 1874 66)
1104 1816 1400 1876 praefationem
1435 1815 1606 1859 Eusebii
1641 1816 1694 1859 ad
1724 1815 1976 1875 Carpianum
2014 1817 2172 1871 datam,
2217 1832 2322 1874 quae
2358 1833 2383 1860 a
2416 1818 2591 1876 Josepho
2629 1819 2857 1871 fflevenson,

202 1901 311 1931 anno
338 1884 658 1940 MDGOCLIV,
694 1892 790 1928 ante
812 1884 995 1942 glossam
1022 1882 1228 1941 evangelii
1254 1881 1452 1926 Matthaei
1476 1880 1868 1935 Lindisfarneensis,
1905 1883 2038 1940 primo
2074 1882 2185 1926 edita
2221 1890 2294 1927 est.
2308 1884 2345 1938 ⁸)
2403 1884 2499 1937 Quo
2539 1885 2646 1928 facto
2674 1899 2858 1928 accessus

203 1953 258 1997 ad
283 1953 443 2010 glossas
470 1952 590 1996 huius
614 1951 765 1994 codicis
792 1951 974 2007 integras
995 1949 1207 2002 omnibus,
1235 1948 1383 2006 quibus
1412 1948 1510 1991 talia
1539 1947 1654 1990 cordi
1680 1955 1798 2001 sunt,
1825 1963 1934 1990 nunc
1962 1954 2084 2006 patet.

375 2016 570 2062 Secundo
609 2018 726 2071 loco,
763 2017 807 2059 in
843 2031 900 2075 pp
938 2015 988 2058 17
1027 2014 1081 2057 ad
1114 2014 1192 2067 23,
1225 2014 1459 2057 versionem
1495 2013 1734 2056 saxonicam
1771 2014 2054 2070 quaestionum
2082 2013 2252 2057 Alcuini
2290 2015 2332 2057 in
2369 2016 2563 2072 genesin,
2599 2030 2674 2073 per
2716 2016 2860 2058 orbem

205 2083 472 2127 christianum
499 2083 624 2126 medii
649 2082 755 2127 aevii
779 2095 1036 2140 magnopere
1064 2079 1384 2132 celebratarum,
1413 2093 1536 2136 quam
1564 2079 1791 2121 monachus
1818 2080 1983 2122 natione
2011 2079 2126 2124 Saxo
2155 2081 2417 2123 occidentalis
2446 2082 2555 2124 circa
2581 2082 2707 2124 finem
2734 2082 2861 2125 seculi

206 2149 276 2194 lx
301 2149 447 2193 fecisse
483 2148 665 2202 videtur,
701 2147 1018 2207 imprImendam
1054 2146 1218 2199 curavi,
1261 2144 1426 2202 qualem
1460 2159 1484 2188 e
1511 2145 1652 2188 codice
1693 2144 1954 2188 homiliarum
1991 2144 2260 2199 Cottoniano,
2296 2146 2438 2190 Julius
2475 2146 2518 2189 E
2560 2147 2657 2189 VII
2687 2148 2861 2204 signato,

206 2216 296 2275 ipse
323 2214 532 2273 descripsi.
583 2214 796 2272 Interpres
825 2211 941 2257 Saxo
968 2226 1021 2255 ex
1047 2210 1219 2255 Alcuini
1245 2224 1390 2269 opere,
1415 2210 1528 2267 quod
1556 2211 1897 2268 interrogationes
1925 2226 2098 2255 numero
2123 2210 2437 2255 CCLXXVIII
2464 2213 2797 2271 comprehendit,
2822 2221 2863 2256 et

210 2279 430 2324 vann
455 2285 615 2323 tantum
639 2279 820 2322 maxime
853 2277 1126 2331 necessarias,
1156 2278 1234 2334 „pa
1260 2276 1631 2332 nydbehefoetan,·
1668 2283 1715 2318 ut
1741 2276 1828 2334 ipse
1854 2278 1931 2331 ait,
1969 2276 2113 2334 elegit,
2142 2291 2220 2320 nec
2245 2278 2459 2335 exemplar
2485 2278 2658 2322 latinum
2675 2286 2864 2323 accurate

212 2346 432 2403 expressit,
467 2344 542 2388 sed
582 2344 707 2387 modo
743 2345 788 2386 in
825 2344 1104 2401 angustiorem
1135 2342 1313 2384 formam
1350 2341 1574 2394 contraxit,
1607 2341 1732 2384 modo
1760 2341 2044 2385 additamentis
2082 2342 2338 2399 longioribus
2366 2343 2615 2401 interpositis
2641 2345 2862 2403 ampliavit.

212 2411 373 2467 Atque,
410 2415 456 2452 ut
489 2409 638 2452 clarius
665 2408 863 2462 eluceret,
900 2422 1006 2465 quae
1031 2407 1136 2450 ratio
1163 2406 1436 2449 intercederet
1461 2406 1570 2449 inter
1598 2407 1827 2450 versionem
1858 2407 2095 2451 saxonicam
2121 2415 2162 2450 et
2187 2409 2384 2466 scriptum
2409 2410 2703 2468 archetypum,
2741 2411 2863 2454 huius

213 2489 407 2518 numeros
434 2475 549 2518 uncis
576 2474 756 2518 inclusos
782 2474 955 2531 singulis
984 2472 1290 2530 quaestionibus
1323 2473 1548 2529 anteposui.
1603 2472 1669 2515 Ita
1705 2473 1827 2515 etiam
1855 2473 1904 2526 ii,
1941 2473 2013 2531 qui
2039 2473 2200 2516 dialecti
2226 2474 2597 2531 Anglosaxonum,
2628 2491 2734 2534 quae
2769 2477 2864 2520 dici-

212 2547 301 2593 tur,
329 2541 465 2583 minus
491 2540 612 2598 periti
638 2546 755 2595 sunt,
781 2540 816 2582 si
844 2538 1057 2597 exemplar
1083 2538 1256 2580 latinum
1284 2537 1531 2591 evolverint,
1567 2538 1756 2580 omnibus
1784 2538 1885 2582 locis
1913 2539 2257 2597 interpretationis
2285 2540 2503 2584 saxonicae
2531 2555 2671 2585 veram
2702 2549 2863 2586 senten-

211 2608 311 2651 tiam
365 2607 595 2664 erspicient.

336 2621 364 2665 P
377 2671 540 2715 Eodem
568 2671 737 2715 consilio
763 2671 1011 2729 glossarium
1038 2669 1189 2724 adieci,
1227 2683 1349 2712 voces
1387 2683 1472 2712 non
1507 2668 1643 2712 solum
1679 2668 1889 2726 explicans
1922 2683 2013 2724 eas,
2051 2684 2157 2727 quae
2183 2670 2226 2712 in
2255 2671 2645 2728 interrogationibus
2674 2671 2864 2730 Sigwulfi

215 2738 284 2782 vel
310 2737 481 2781 Alcuini
505 2737 720 2794 leguntur,
755 2737 829 2780 sed
857 2751 925 2780 eas
953 2749 1139 2793 quoque,
1177 2748 1284 2791 quae
1309 2733 1354 2776 in
1379 2734 1486 2776 libro
1513 2734 1587 2776 has
1616 2735 1804 2792 proxime
1831 2735 2079 2794 excipiente,
2115 2743 2309 2789 tractatu,
2346 2736 2461 2791 dioc,
2499 2738 2579 2790 „de
2614 2739 2865 2796 temporibus

216 2804 339 2847 anni“
374 2807 606 2846 occurrunt.
659 2800 798 2854 Quem
838 2801 991 2844 librum
1028 2815 1276 2859 quamquam
1312 2800 1516 2858 interpres
1550 2799 1665 2844 Saxo
1699 2801 1788 2858 ipse
1824 2801 1923 2844 dicit
1953 2816 1978 2844 8
2014 2802 2155 2845 Bedae
2193 2801 2452 2844 Venerabilis
2499 2802 2650 2859 scripto
2692 2804 2866 2847 eandem

216 2883 304 2912 rem
333 2873 533 2911 tractante
560 2882 651 2911 esse
678 2867 931 2922 desumtum,
969 2866 1183 2924 exemplar
1209 2872 1348 2908 tamen
1374 2865 1548 2908 latinum
1575 2866 1681 2918 eius,
1717 2866 1831 2922 quod
1858 2867 2005 2920 sciam,
2037 2873 2171 2909 exstat
2198 2867 2367 2908 nullum.
2422 2867 2562 2910 Editio
2590 2869 2780 2926 princeps
2807 2877 2868 2911 est

218 2949 286 2988 ea,
323 2947 448 2991 quam
481 2932 658 2976 Romus
690 2933 870 2990 Wriylu,
906 2947 930 2976 e
956 2932 1097 2976 codice
1123 2931 1392 2985 cottoniano,
1426 2931 1615 2974 Tiberius
1642 2931 1684 2973 B
1719 2931 1760 2973 V
1781 2932 1960 2989 signato,
1999 2932 2191 2990 impensis
2219 2932 2421 2975 societatis
2451 2934 2662 2976 cuiusdam
2690 2934 2866 2977 erudito·

218 3013 333 3053 rum,
360 3013 469 3042 anno
497 2997 809 3043 MDCCCXLI
835 2998 1014 3051 curavit,
1046 2997 1185 3040 addita
1215 2998 1404 3040 versione
1431 2997 1606 3055 anglica.
1662 2997 1757 3055 Ego
1785 2998 1913 3052 infra,
1941 2998 1983 3040 in
2013 3013 2070 3055 pp
2098 2999 2152 3040 23
2180 2997 2234 3040 ad
2261 2998 2337 3051 31,
2365 3004 2523 3040 textum
2551 2998 2867 3056 imprimendum

220 3065 359 3108 curavi
386 3077 411 3107 e
436 3063 579 3107 codice
605 3063 877 3107 bibliothecae
902 3063 1091 3121 publicae
1118 3062 1490 3121 Cantabrigiensis,
1518 3063 1631 3105 cuius
1660 3062 1854 3106 lectiones
1882 3063 1935 3106 ab
1963 3064 2052 3121 ipso
2081 3078 2174 3105 cum
2198 3062 2377 3106 editione
2404 3064 2672 3120 Wrightiana
2699 3065 2868 3107 collatas

222 3127 489 3172 Bes-nanninus
519 3128 679 3186 Tkovpe
704 3143 868 3172 mecum
894 3128 1222 3172 communicavit-
1278 3127 1495 3172 Lectiones
1531 3135 1667 3170 autem
1703 3128 1745 3170 in
1778 3129 1870 3171 imis
1897 3130 2059 3186 paginis
2097 3127 2278 3173 adiectae
2315 3129 2465 3171 codicis
2501 3136 2596 3172 sunt
2634 3129 2868 3173 Cottoniani

229 3191 412 3238 werina
438 3192 480 3236 Β
513 3193 555 3236 V
575 3193 710 3237 denuo
737 3194 888 3237 collati.

273 3309 303 3352 ‘)
337 3311 543 3356 Quamquam
570 3316 638 3349 iam
667 3325 755 3349 anno
786 3316 1083 3350 unccoxxnv
1114 3317 1194 3349 haec
1221 3316 1384 3359 praefatio
1413 3318 1574 3357 impressa
1604 3317 1668 3349 fuit
1698 3322 1774 3349 ante
1805 3318 2034 3351 collectionem
2062 3319 2252 3351 versionum
2274 3319 2518 3358 evangeliorum
2540 3319 2786 3359 saxonicarum,
2817 3322 2868 3351 in·

338 3370 466 3408 septam
486 3369 579 3403 man
600 3380 621 3404 a
641 3373 842 3406 Rauennam
870 3373 998 3414 nom
1020 3377 1054 3405 st
1075 3374 1228 3406 Jolomme
1250 3374 1296 3406 Π.
1320 3374 1466 3413 Κεπιὸιε,
1491 3374 1550 3406 ssd
1575 3381 1642 3404 non
1666 3374 1867 3410 absolutam.
1898 3383 2003 3414 neque
2028 3383 2177 3415 unquam
2203 3375 2239 3406 in
2263 3375 2382 3414 vulgus
2406 3377 2571 3407 emissam.
